

@article{rozenblat2018conclusion,
  title={Conclusion: Toward a methodology for multi-scalar urban system policies},
  author={Rozenblat, Celine and Pumain, Denise},
  journal={International and Transnational Perspectives on Urban Systems},
  pages={385},
  year={2018},
  publisher={Springer}
}


@article{olivier1994emission,
  title={Emission database for global atmospheric research (EDGAR)},
  author={Olivier, JGJ and Bouwman, AF and Van der Maas, CWM and Berdowski, JJM},
  journal={Environmental Monitoring and Assessment},
  volume={31},
  number={1},
  pages={93--106},
  year={1994},
  publisher={Springer}
}


@article{pumain2006evolutionary,
  title={An evolutionary theory for interpreting urban scaling laws},
  author={Pumain, Denise and Paulus, Fabien and Vacchiani-Marcuzzo, C{\'e}line and Lobo, Jos{\'e}},
  journal={Cybergeo: European Journal of Geography},
  year={2006},
  publisher={CNRS-UMR G{\'e}ographie-cit{\'e}s 8504}
}


@article{reuillon2013openmole,
  title={OpenMOLE, a workflow engine specifically tailored for the distributed exploration of simulation models},
  author={Reuillon, Romain and Leclaire, Mathieu and Rey-Coyrehourcq, Sebastien},
  journal={Future Generation Computer Systems},
  volume={29},
  number={8},
  pages={1981--1990},
  year={2013},
  publisher={Elsevier}
}

@article{bergeaud2021patentcity,
  title={PatentCity: A Century of Innovation: New Data and Facts},
  author={Bergeaud, Antonin and Verluise, Cyril},
  year={2021}
}


@book{griliches200713,
  title={13. Patent Statistics as Economic Indicators: A Survey},
  author={Griliches, Zvi},
  year={2007},
  publisher={University of Chicago Press}
}

@article{raimbault2019space,
  title={Space Matters: Extending Sensitivity Analysis to Initial Spatial Conditions in Geosimulation Models},
  author={Raimbault, Juste and Cottineau, Cl{\'e}mentine and Le Texier, Marion and Le Nechet, Florent and Reuillon, Romain},
  journal={Journal of Artificial Societies and Social Simulation},
  volume={22},
  number={4},
  year={2019},
  publisher={JASSS}
}


@article{schmitt2015half,
  title={Half a billion simulations: Evolutionary algorithms and distributed computing for calibrating the SimpopLocal geographical model},
  author={Schmitt, Clara and Rey-Coyrehourcq, S{\'e}bastien and Reuillon, Romain and Pumain, Denise},
  journal={Environment and Planning B: Planning and Design},
  volume={42},
  number={2},
  pages={300--315},
  year={2015},
  publisher={SAGE Publications Sage UK: London, England}
}


@article{pumain1997pour,
  title={Pour une th{\'e}orie {\'e}volutive des villes},
  author={Pumain, Denise},
  journal={L'Espace g{\'e}ographique},
  pages={119--134},
  year={1997},
  publisher={JSTOR}
}

@inproceedings{raimbault2020model,
  title={A model of urban evolution based on innovation diffusion},
  author={Raimbault, Juste},
  booktitle={Artificial Life Conference Proceedings},
  pages={500--508},
  year={2020},
  organization={MIT Press}
}



@article{favaro2011gibrat,
  title={Gibrat Revisited: An Urban Growth Model Incorporating Spatial Interaction and Innovation Cycles},
  author={Favaro, Jean-Marc and Pumain, Denise},
  journal={Geographical Analysis},
  volume={43},
  number={3},
  pages={261--286},
  year={2011},
  publisher={Wiley Online Library}
}


@article{caparros2015optimised,
  title={Optimised spatial planning to meet long term urban sustainability objectives},
  author={Caparros-Midwood, D and Barr, S and Dawson, R},
  journal={Computers, Environment and Urban Systems},
  volume={54},
  pages={154--164},
  year={2015},
  publisher={Elsevier}
}

@article{finco2001pathways,
  title={Pathways to urban sustainability},
  author={Finco, Adele and Nijkamp, Peter},
  journal={Journal of Environmental Policy \& Planning},
  volume={3},
  number={4},
  pages={289--302},
  year={2001},
  publisher={Taylor \& Francis}
}


@article{sharma2011multiobjective,
  title={Multiobjective network design for emission and travel-time trade-off for a sustainable large urban transportation network},
  author={Sharma, Sushant and Mathew, Tom V},
  journal={Environment and Planning B: Planning and Design},
  volume={38},
  number={3},
  pages={520--538},
  year={2011},
  publisher={SAGE Publications Sage UK: London, England}
}

@article{viguie2012trade,
  title={Trade-offs and synergies in urban climate policies},
  author={Vigui{\'e}, Vincent and Hallegatte, St{\'e}phane},
  journal={Nature Climate Change},
  volume={2},
  number={5},
  pages={334--337},
  year={2012},
  publisher={Nature Publishing Group}
}

@incollection{pumain2008socio,
  title={The socio-spatial dynamics of systems of cities and innovation processes: a multi-level model},
  author={Pumain, Denise},
  booktitle={The Dynamics of Complex Urban Systems},
  pages={373--389},
  year={2008},
  publisher={Springer}
}

@article{le2012urban,
  title={Urban spatial structure, daily mobility and energy consumption: a study of 34 european cities},
  author={Le N{\'e}chet, Florent},
  journal={Cybergeo: European Journal of Geography},
  year={2012},
  publisher={CNRS-UMR G{\'e}ographie-cit{\'e}s 8504}
}

@article{han2016optimum,
  title={An optimum city size? The scaling relationship for urban population and fine particulate (PM2. 5) concentration},
  author={Han, Lijian and Zhou, Weiqi and Pickett, Steward TA and Li, Weifeng and Li, Li},
  journal={Environmental Pollution},
  volume={208},
  pages={96--101},
  year={2016},
  publisher={Elsevier}
}

@article{su2017density,
  title={Density effect and optimum density of the urban population in China},
  author={Su, Hongjian and Wei, Houkai and Zhao, Jian},
  journal={Urban Studies},
  volume={54},
  number={7},
  pages={1760--1777},
  year={2017},
  publisher={SAGE Publications Sage UK: London, England}
}

@article{singell1974optimum,
  title={Optimum city size: Some thoughts on theory and policy},
  author={Singell, Larry D},
  journal={Land Economics},
  volume={50},
  number={3},
  pages={207--212},
  year={1974},
  publisher={JSTOR}
}

